<record><leader>00000cas a22000007a 4500</leader><controlfield tag="001">11502453</controlfield><controlfield tag="008">841217d18701894wiuwr ne      0   a0eng d</controlfield><datafield ind1=" " ind2=" " tag="010"><subfield code="a">sn 84025015 </subfield></datafield><datafield ind1=" " ind2=" " tag="040"><subfield code="a">NPV</subfield><subfield code="b">eng</subfield><subfield code="c">NPV</subfield><subfield code="d">NPU</subfield><subfield code="d">NPX</subfield><subfield code="d">NPV</subfield><subfield code="d">OCLCQ</subfield></datafield><datafield ind1=" " ind2=" " tag="042"><subfield code="a">msc</subfield></datafield><datafield ind1="0" ind2=" " tag="130"><subfield code="a">Chippewa herald (Chippewa Falls, Wis. : 1870 : Weekly)</subfield></datafield><datafield ind1="1" ind2="0" tag="245"><subfield code="a">Chippewa herald.</subfield></datafield><datafield ind1=" " ind2=" " tag="260"><subfield code="a">Chippewa Falls, Wis. :</subfield><subfield code="b">[s.n.],</subfield><subfield code="c">1870-1894.</subfield></datafield><datafield ind1=" " ind2=" " tag="300"><subfield code="a">v.</subfield></datafield><datafield ind1=" " ind2=" " tag="310"><subfield code="a">Weekly</subfield></datafield><datafield ind1="0" ind2=" " tag="362"><subfield code="a">Vol. 1, no. 1 (Jan. [29], 1870)-v. 25, no. 26 (June 22, 1894).</subfield></datafield><datafield ind1=" " ind2=" " tag="500"><subfield code="a">Title varies slightly.</subfield></datafield><datafield ind1=" " ind2=" " tag="752"><subfield code="a">United States</subfield><subfield code="b">Wisconsin</subfield><subfield code="c">Chippewa</subfield><subfield code="d">Chippewa.</subfield></datafield><datafield ind1="0" ind2="0" tag="785"><subfield code="t">Weekly herald (Chippewa Falls, Wis.)</subfield><subfield code="w">(DLC)sn 84025016</subfield></datafield></record>